%YAML 1.1
%TAG !u! tag:unity3d.com,2011:
--- !u!1001 &100100000
Prefab:
  m_ObjectHideFlags: 1
  serializedVersion: 2
  m_Modification:
    m_TransformParent: {fileID: 0}
    m_Modifications: []
    m_RemovedComponents: []
  m_ParentPrefab: {fileID: 0}
  m_RootGameObject: {fileID: 1989260040431414}
  m_IsPrefabParent: 1
--- !u!1 &1989260040431414
GameObject:
  m_ObjectHideFlags: 0
  m_PrefabParentObject: {fileID: 0}
  m_PrefabInternal: {fileID: 100100000}
  serializedVersion: 5
  m_Component:
  - component: {fileID: 4706218356356664}
  - component: {fileID: 33590099696699066}
  - component: {fileID: 65463560934011244}
  - component: {fileID: 23534589510564800}
  - component: {fileID: 114351048488616794}
  m_Layer: 12
  m_Name: Chest
  m_TagString: Untagged
  m_Icon: {fileID: 0}
  m_NavMeshLayer: 0
  m_StaticEditorFlags: 0
  m_IsActive: 1
--- !u!4 &4706218356356664
Transform:
  m_ObjectHideFlags: 1
  m_PrefabParentObject: {fileID: 0}
  m_PrefabInternal: {fileID: 100100000}
  m_GameObject: {fileID: 1989260040431414}
  m_LocalRotation: {x: 0, y: 0, z: 0, w: 1}
  m_LocalPosition: {x: 9, y: 0.5, z: 0}
  m_LocalScale: {x: 1, y: 1, z: 1}
  m_Children: []
  m_Father: {fileID: 0}
  m_RootOrder: 0
  m_LocalEulerAnglesHint: {x: 0, y: 0, z: 0}
--- !u!23 &23534589510564800
MeshRenderer:
  m_ObjectHideFlags: 1
  m_PrefabParentObject: {fileID: 0}
  m_PrefabInternal: {fileID: 100100000}
  m_GameObject: {fileID: 1989260040431414}
  m_Enabled: 1
  m_CastShadows: 1
  m_ReceiveShadows: 1
  m_DynamicOccludee: 1
  m_MotionVectors: 1
  m_LightProbeUsage: 1
  m_ReflectionProbeUsage: 1
  m_Materials:
  - {fileID: 10303, guid: 0000000000000000f000000000000000, type: 0}
  m_StaticBatchInfo:
    firstSubMesh: 0
    subMeshCount: 0
  m_StaticBatchRoot: {fileID: 0}
  m_ProbeAnchor: {fileID: 0}
  m_LightProbeVolumeOverride: {fileID: 0}
  m_ScaleInLightmap: 1
  m_PreserveUVs: 1
  m_IgnoreNormalsForChartDetection: 0
  m_ImportantGI: 0
  m_StitchLightmapSeams: 0
  m_SelectedEditorRenderState: 3
  m_MinimumChartSize: 4
  m_AutoUVMaxDistance: 0.5
  m_AutoUVMaxAngle: 89
  m_LightmapParameters: {fileID: 0}
  m_SortingLayerID: 0
  m_SortingLayer: 0
  m_SortingOrder: 0
--- !u!33 &33590099696699066
MeshFilter:
  m_ObjectHideFlags: 1
  m_PrefabParentObject: {fileID: 0}
  m_PrefabInternal: {fileID: 100100000}
  m_GameObject: {fileID: 1989260040431414}
  m_Mesh: {fileID: 10202, guid: 0000000000000000e000000000000000, type: 0}
--- !u!65 &65463560934011244
BoxCollider:
  m_ObjectHideFlags: 1
  m_PrefabParentObject: {fileID: 0}
  m_PrefabInternal: {fileID: 100100000}
  m_GameObject: {fileID: 1989260040431414}
  m_Material: {fileID: 0}
  m_IsTrigger: 0
  m_Enabled: 1
  serializedVersion: 2
  m_Size: {x: 1, y: 1, z: 1}
  m_Center: {x: 0, y: 0, z: 0}
--- !u!114 &114351048488616794
MonoBehaviour:
  m_ObjectHideFlags: 1
  m_PrefabParentObject: {fileID: 0}
  m_PrefabInternal: {fileID: 100100000}
  m_GameObject: {fileID: 1989260040431414}
  m_Enabled: 1
  m_EditorHideFlags: 0
  m_Script: {fileID: 11500000, guid: a39a7b4065fbca24a82e45c0d4bf7054, type: 3}
  m_Name: 
  m_EditorClassIdentifier: 
  range: 5
  InitItems: 010000000000000000000000010000000200000002000000
  Items:
    items:
    - serializedItem: "Item\n{\n\tvalue=3\n\tweight=3\n\tname=Test\n\tprefab=Test\n\ttexture=Test\n\tmodifiers=[\n\t]\n}"
    - serializedItem: "Item\n{\n\tvalue=1\n\tweight=2\n\tname=Bow\n\tprefab=Bow\n\ttexture=Bow\n\tmodifiers=[\n\t\tAssembly-CSharp:FireProtectionModifier:123\n\t]\n}"
    - serializedItem: "Item\n{\n\tvalue=1\n\tweight=2\n\tname=Bow\n\tprefab=Bow\n\ttexture=Bow\n\tmodifiers=[\n\t\tAssembly-CSharp:FireProtectionModifier:123\n\t]\n}"
    - serializedItem: "Item\n{\n\tvalue=3\n\tweight=3\n\tname=Test\n\tprefab=Test\n\ttexture=Test\n\tmodifiers=[\n\t]\n}"
    - serializedItem: "Item\n{\n\tvalue=0\n\tweight=0\n\tname=boiii\n\tprefab=boiii\n\ttexture=Boii\n\tmodifiers=[\n\t]\n}"
    - serializedItem: "Item\n{\n\tvalue=0\n\tweight=0\n\tname=boiii\n\tprefab=boiii\n\ttexture=Boii\n\tmodifiers=[\n\t]\n}"
    - serializedItem: "Item\n{\n\tvalue=3\n\tweight=3\n\tname=Test\n\tprefab=Test\n\ttexture=Test\n\tmodifiers=[\n\t]\n}"
    - serializedItem: "Item\n{\n\tvalue=0\n\tweight=0\n\tname=boiii\n\tprefab=boiii\n\ttexture=Boii\n\tmodifiers=[\n\t]\n}"
    - serializedItem: "Item\n{\n\tvalue=1\n\tweight=2\n\tname=Bow\n\tprefab=Bow\n\ttexture=Bow\n\tmodifiers=[\n\t\tAssembly-CSharp:FireProtectionModifier:123\n\t]\n}"
    - serializedItem: "Item\n{\n\tvalue=3\n\tweight=3\n\tname=Test\n\tprefab=Test\n\ttexture=Test\n\tmodifiers=[\n\t]\n}"
    - serializedItem: "Item\n{\n\tvalue=0\n\tweight=0\n\tname=boiii\n\tprefab=boiii\n\ttexture=Boii\n\tmodifiers=[\n\t]\n}"
    - serializedItem: "Item\n{\n\tvalue=0\n\tweight=0\n\tname=boiii\n\tprefab=boiii\n\ttexture=Boii\n\tmodifiers=[\n\t]\n}"
    - serializedItem: "Item\n{\n\tvalue=1\n\tweight=2\n\tname=Bow\n\tprefab=Bow\n\ttexture=Bow\n\tmodifiers=[\n\t\tAssembly-CSharp:FireProtectionModifier:123\n\t]\n}"
